<record><leader>00000cas a22000007a 4500</leader><controlfield tag="001">17244508</controlfield><controlfield tag="008">871216d19331974ohuwr ne      0    0eng d</controlfield><datafield ind1=" " ind2=" " tag="010"><subfield code="a">sn 87075271 </subfield></datafield><datafield ind1=" " ind2=" " tag="040"><subfield code="a">ONP</subfield><subfield code="b">eng</subfield><subfield code="c">ONP</subfield><subfield code="d">OCLCQ</subfield></datafield><datafield ind1=" " ind2=" " tag="042"><subfield code="a">msc</subfield></datafield><datafield ind1="0" ind2="0" tag="245"><subfield code="a">Quaker City home towner.</subfield></datafield><datafield ind1=" " ind2=" " tag="260"><subfield code="a">Quaker City, Guernsey County, Ohio :</subfield><subfield code="b">F.A. Morgan,</subfield><subfield code="c">1933-1974.</subfield></datafield><datafield ind1=" " ind2=" " tag="300"><subfield code="a">v.</subfield></datafield><datafield ind1=" " ind2=" " tag="310"><subfield code="a">Weekly</subfield></datafield><datafield ind1="0" ind2=" " tag="362"><subfield code="a">Vol. 6, no. 11 (Aug. 24, 1933)-47th year, no. 25 (Dec. 20, 1974).</subfield></datafield><datafield ind1=" " ind2="4" tag="651"><subfield code="a">Quaker City (Ohio)</subfield><subfield code="v">Newspapers.</subfield></datafield><datafield ind1=" " ind2="4" tag="651"><subfield code="a">Guernsey County (Ohio)</subfield><subfield code="v">Newspapers.</subfield></datafield><datafield ind1=" " ind2=" " tag="752"><subfield code="a">United States</subfield><subfield code="b">Ohio</subfield><subfield code="c">Guernsey</subfield><subfield code="d">Quaker City.</subfield></datafield><datafield ind1="0" ind2="0" tag="780"><subfield code="t">Home towner</subfield><subfield code="w">(DLC)sn 89076246</subfield></datafield><datafield ind1="1" ind2=" " tag="029"><subfield code="a">AU@</subfield><subfield code="b">000025800604</subfield></datafield></record>